@article{pansonato2018,
  title={Community structure and species composition of a periodically flooded Restinga forest in Caraguatatuba, S{\~a}o Paulo, Brazil},
  author={Pansonato, Marcelo Petratti and Lima, Renato Augusto Ferreira de and Oliveira, Alexandre Adalardo de and Bertoncello, Ricardo and Martini, Adriana Maria Zanforlin},
  journal={Biota Neotropica},
  volume={19},
  year={2018},
  publisher={SciELO Brasil}
}
